<?xml version="1.0" encoding="UTF-8"?><collection xmlns="http://www.loc.gov/MARC21/slim"><record><leader>00323nam--2200121-i-4500</leader><controlfield tag="001">000038509</controlfield><controlfield tag="002">20161230</controlfield><controlfield tag="005">20161230201041</controlfield><controlfield tag="008">060222s1000------------r-----000-0-eng-d</controlfield><datafield ind1=" " ind2=" " tag="100"><subfield code="a">Reeves,C.M. And Wells,M</subfield></datafield><datafield ind1=" " ind2=" " tag="245"><subfield code="a">A course on programming in algol 60</subfield></datafield><datafield ind1=" " ind2=" " tag="260"><subfield code="a">London, Chapman And Hall, 1964. Viii + 82 P</subfield></datafield><datafield ind1=" " ind2=" " tag="852"><subfield code="a">20438</subfield></datafield></record></collection>